@article{veselago1968electrodynamics,
  title={THE ELECTRODYNAMICS OF SUBSTANCES WITH SIMULTANEOUSLY NEGATIVE VALUES OF $\eps$ AND $\mu$},
  author={Veselago, Victor Georgievich},
  journal={Physics-Uspekhi},
  volume={10},
  number={4},
  pages={509--514},
  year={1968},
  publisher={Turpion Ltd}
}

@article{PhysRevLett.84.4184,
  title = {Composite Medium with Simultaneously Negative Permeability and Permittivity},
  author = {Smith, D. R. and Padilla, Willie J. and Vier, D. C. and Nemat-Nasser, S. C. and Schultz, S.},
  journal = {Phys. Rev. Lett.},
  volume = {84},
  issue = {18},
  pages = {4184--4187},
  numpages = {0},
  year = {2000},
  month = {May},
  publisher = {American Physical Society},
  doi = {10.1103/PhysRevLett.84.4184},
  url = {http://link.aps.org/doi/10.1103/PhysRevLett.84.4184}
}


